@misc{petfinder-dataset,
	title = {{Kaggle - PetFinder.my Adoption Prediction}},
	url = {\url{https://www.kaggle.com/c/petfinder-adoption-prediction}}
}
